@Book{jvm,
  author =	 {Tim Lindholm \& Frank Yellin},
  title =	 {The Java(tm) Virtual Machine Specification},
  publisher =	 {Addison-Wesley},
  year =	 1999,
  edition =	 {2nd Edition}
}

@Misc{asmref,
  url = {http://asm.objectweb.org/asm31/javadoc/user/},
  title = 	 {ASM 3.1 Javadoc}
}

